 @book{cormen:2009,
 author = {Cormen, Thomas H. and Leiserson, Charles E. and Rivest, Ronald L. and Stein, Clifford},
 title = {Introduction to Algorithms, Third Edition},
 year = {2009},
 isbn = {0262033844, 9780262033848},
 edition = {3rd},
 publisher = {The MIT Press},
} 

@book{dasgupta:2008,
 author = {Dasgupta, Sanjoy and Papadimitriou, Christos H. and Vazirani, Umesh},
 title = {Algorithms},
 year = {2008},
 isbn = {0073523402, 9780073523408},
 edition = {1},
 publisher = {McGraw-Hill, Inc.},
 url = {http://cseweb.ucsd.edu/~dasgupta/book/}
} 

@book{weiss:1997,
 author = {Weiss, Mark Allen},
 title = {Data Structures and Algorithm Analysis in C},
 year = {1997},
 isbn = {0-201-49840-5},
 publisher = {Addison-Wesley Longman Publishing Co., Inc.}
} 

@book{bringhurst:2013,
   title = {The elements of typographic style},
   author = {Bringhurst, Robert},
   publisher = {Hartley \& Marks, Publishers},
   address = {Point Roberts (WA)},
   url = {http://opac.inria.fr/record=b1123452},
   isbn = {0-88179-206-3},
   year = {2013}
}

@book{kleinberg:2005,
 author = {Kleinberg, Jon and Tardos, Eva},
 title = {Algorithm Design},
 year = {2005},
 isbn = {0321295358},
 publisher = {Addison-Wesley Longman Publishing Co., Inc.}
} 

@manual{salajan:2009,
  author    = {Romana Sălăjan},
  title        = {Curs - Metode şi Tehnici Clasice de Programare},
  year       = {2009}
}

@manual{plesca:2016,
  author    = {Pleşca, Cezar and Pura, Mihai Lică and Roşu, Livia},
  title        = {Note de Curs - Structuri de Date şi Algoritmi},
  organization = {Academia Tehnică Militară},
  year       = {2016}
}

@book{knuth:1997,
 author = {Knuth, Donald E.},
 title = {The Art of Computer Programming: Fundamental Algorithms},
 year = {1997},
 volume = 1,
 isbn = {0-201-89683-4},
 publisher = {Addison Wesley Longman Publishing Co., Inc.}
}

@book{knuth:2016,
 author = {Knuth, Donald E.},
 title = {The Art of Computer Programming: Introduction to Backtracking},
 year = {2016},
 volume = 4,
 publisher = {Addison Wesley Longman Publishing Co., Inc.}
}

@manual{cataron:2016,
  author    = {Angel Cataron},
  title        = {Note de Curs - Proiectarea Algoritmilor},
  url         = {http://vega.unitbv.ro/~cataron/Courses/PA/pa.htm},
  year       = {2016}
}

@book{andonie:1995,
 author = {Andonie, Răzvan and Gârbacea, Ilie},
 title = {Algoritmi Fundamentali - O perspectivă C++},
 year = {1995},
 isbn = {973-96494-5-9},
 publisher = {Editura Libris}
}

@book{skiena:1997,
 author = {Skiena, Steven S.},
 title = {The Algorithm Design Manual},
 year = {1998},
 isbn = {0-387-94860-0},
 publisher = {Springer-Verlag New York, Inc.}
}

@article{strassen:1969,
  author =  {V. Strassen},
  title =    {Gaussian elimination is not optimal},
  journal  =  {Numerische Mathematik},
  year =     {1969},
  volume =  {14},
  number =  {3},
  pages =    {354-356},
}

@article{karatsuba:1962,
	author = {A. Karatsuba and Yu. Ofman},
	journal = {Proceedings of USSR Academy of Sciences},
	number = {7},
	pages = {293--294},
	title = {Multiplication of Many-Digital Numbers by Automatic Computers},
	volume = {145},
	year = {1962}
}

@inproceedings{shamos:1975,
 author = {Shamos, Michael Ian and Hoey, Dan},
 title = {Closest-point Problems},
 booktitle = {Proceedings of the 16th Annual Symposium on Foundations of Computer Science},
 year = {1975},
 pages = {151--162},
 publisher = {IEEE Computer Society}
}

@book{preparata:1985,
 author = {Preparata, Franco P. and Shamos, Michael I.},
 title = {Computational Geometry: An Introduction},
 year = {1985},
 isbn = {0-387-96131-3},
 publisher = {Springer-Verlag New York, Inc.}
}

@book{press:2007,
 author = {Press, William H. and Teukolsky, Saul A. and Vetterling, William T. and Flannery, Brian P.},
 title = {Numerical Recipes 3rd Edition: The Art of Scientific Computing},
 year = {2007},
 isbn = {0521880688, 9780521880688},
 edition = {3},
 publisher = {Cambridge University Press}
}

@article{coppersmith:1990,
title = {Computational algebraic complexity editorial Matrix multiplication via arithmetic progressions},
author = {Coppersmith, Don and Winograd, Shmuel},
journal = {Journal of Symbolic Computation},
volume = {9},
number = {3},
pages = {251--280},
year = {1990},
issn = {0747-7171}
}

@manual{zaharie:2015,
  author    = {Daniela Zaharie},
  title        = {Curs de Algoritmică},
  year       = {2015},
  url         = {http://web.info.uvt.ro/~dzaharie/alg/alg2015.html}
}

@manual{golin:2014,
  author    = {Mordecai Golin},
  title        = {Design and Analysis of Algorithms Course (COMP 3711H)},
  year       = {2014},
  url         = {http://www.cs.ust.hk/mjg_lib/Classes/COMP3711H_Fall14/lectures/Greedy_Knapsack_Slides.pdf}
}

@article{huffman:1952,
title = {A Method for the Construction of Minimum-Redundancy Codes},
author = {Huffman, David A.},
journal = {Proceedings of the I.R.E.},
volume = {40},
number = {9},
pages = {1098--1101},
year = {1952}
}

@manual{knott:2016,
  author    = {Ron Knott},
  title        = {Egyptian Fractions},
  year       = {2016},
  url         = {http://www.maths.surrey.ac.uk/hosted-sites/R.Knott/Fractions/egyptian.html}
}

